<record><leader>00000cas a22000007a 4500</leader><controlfield tag="001">1757709</controlfield><controlfield tag="008">751101d19021908mnumr ne      0    0ice d</controlfield><datafield ind1=" " ind2=" " tag="010"><subfield code="a">sn 90060662 </subfield></datafield><datafield ind1=" " ind2=" " tag="040"><subfield code="a">MUL</subfield><subfield code="b">eng</subfield><subfield code="c">MUL</subfield><subfield code="d">MN#</subfield><subfield code="d">OCLCQ</subfield><subfield code="d">OCLCF</subfield><subfield code="d">OCLCO</subfield><subfield code="d">DLC</subfield><subfield code="d">OCL</subfield></datafield><datafield ind1=" " ind2=" " tag="042"><subfield code="a">msc</subfield></datafield><datafield ind1=" " ind2=" " tag="043"><subfield code="a">n-us-mn</subfield></datafield><datafield ind1=" " ind2=" " tag="052"><subfield code="a">4144</subfield><subfield code="b">M52</subfield></datafield><datafield ind1=" " ind2=" " tag="052"><subfield code="a">4143</subfield><subfield code="b">L9</subfield></datafield><datafield ind1="0" ind2=" " tag="130"><subfield code="a">Vinland (Minneota, Minn.)</subfield></datafield><datafield ind1="1" ind2="0" tag="245"><subfield code="a">Vinland.</subfield></datafield><datafield ind1=" " ind2=" " tag="260"><subfield code="a">Minneota, Minn. :</subfield><subfield code="b">G.B. Bjo&#776;rnson,</subfield><subfield code="c">1902-1908.</subfield></datafield><datafield ind1=" " ind2=" " tag="300"><subfield code="a">6 v.</subfield></datafield><datafield ind1=" " ind2=" " tag="310"><subfield code="a">Monthly</subfield></datafield><datafield ind1="0" ind2=" " tag="362"><subfield code="a">1 a&#769;rg., nr. 1 (marz 1902)-6 a&#769;rg., nr. 11 [i.e. 12] (janu&#769;ar [i.e. febru&#769;ar] 1908).</subfield></datafield><datafield ind1=" " ind2=" " tag="530"><subfield code="a">Available on microfilm from the Minnesota Historical Society.</subfield></datafield><datafield ind1=" " ind2=" " tag="546"><subfield code="a">In Icelandic.</subfield></datafield><datafield ind1=" " ind2="0" tag="650"><subfield code="a">Icelanders</subfield><subfield code="z">Minnesota</subfield><subfield code="v">Newspapers.</subfield></datafield><datafield ind1=" " ind2="0" tag="651"><subfield code="a">Minneota (Minn.)</subfield><subfield code="v">Newspapers.</subfield></datafield><datafield ind1=" " ind2="0" tag="651"><subfield code="a">Lyon County (Minn.)</subfield><subfield code="v">Newspapers.</subfield></datafield><datafield ind1=" " ind2="7" tag="650"><subfield code="a">Icelanders.</subfield><subfield code="2">fast</subfield><subfield code="0">(OCoLC)fst00966645</subfield></datafield><datafield ind1=" " ind2="7" tag="651"><subfield code="a">Minnesota</subfield><subfield code="z">Lyon County</subfield><subfield code="2">fast</subfield><subfield code="0">(OCoLC)fst01214821</subfield></datafield><datafield ind1=" " ind2="7" tag="651"><subfield code="a">Minnesota.</subfield><subfield code="2">fast</subfield><subfield code="0">(OCoLC)fst01204560</subfield></datafield><datafield ind1=" " ind2="7" tag="651"><subfield code="a">Minnesota</subfield><subfield code="z">Minneota.</subfield><subfield code="2">fast</subfield><subfield code="0">(OCoLC)fst01237061</subfield></datafield><datafield ind1=" " ind2="7" tag="655"><subfield code="a">Newspapers.</subfield><subfield code="2">fast</subfield><subfield code="0">(OCoLC)fst01423814</subfield></datafield><datafield ind1=" " ind2=" " tag="752"><subfield code="a">United States</subfield><subfield code="b">Minnesota</subfield><subfield code="c">Lyon</subfield><subfield code="d">Minneota.</subfield></datafield><datafield ind1="1" ind2=" " tag="029"><subfield code="a">AU@</subfield><subfield code="b">000025909390</subfield></datafield></record>